@article{einstein1935can,
  title={Can quantum-mechanical description of physical reality be considered complete?},
  author={Einstein, Albert and Podolsky, Boris and Rosen, Nathan},
  journal={Physical review},
  volume={47},
  number={10},
  pages={777},
  year={1935},
  publisher={APS}
}

@article{aharonov2012quantum,
  title={Is Quantum Mechanics Falsifiable? {A} computational perspective on the foundations of Quantum Mechanics},
  author={Aharonov, Dorit and Vazirani, Umesh},
  journal={arXiv preprint arXiv:1206.3686},
  year={2012}
}

@inproceedings{mahadev2018classical,
  title={Classical verification of quantum computations},
  author={Mahadev, Urmila},
  booktitle={2018 IEEE 59th Annual Symposium on Foundations of Computer Science (FOCS)},
  pages={259--267},
  year={2018},
  organization={IEEE}
}

@article{ji2020mip,
  title={{MIP}$^*$= {RE}},
  author={Ji, Zhengfeng and Natarajan, Anand and Vidick, Thomas and Wright, John and Yuen, Henry},
  journal={arXiv preprint arXiv:2001.04383},
  year={2020}
}

@misc{nielsen2002quantum,
  title={Quantum computation and quantum information},
  author={Nielsen, Michael A and Chuang, Isaac},
  year={2002},
  publisher={American Association of Physics Teachers}
}

@article{reichardt2013classical,
  title={Classical command of quantum systems},
  author={Reichardt, Ben W and Unger, Falk and Vazirani, Umesh},
  journal={Nature},
  volume={496},
  number={7446},
  pages={456--460},
  year={2013},
  publisher={Nature Publishing Group}
}

@phdthesis{brechenmacher2006histoire,
  title={Histoire du th{\'e}or{\`e}me de Jordan de la d{\'e}composition matricielle (1870-1930). Formes de repr{\'e}sentation et m{\'e}thodes de d{\'e}composition.},
  author={Brechenmacher, Fr{\'e}d{\'e}ric},
  year={2006}
}

@article{vidick2016quantum,
  title={Quantum Proofs},
  author={Vidick, Thomas and Watrous, John},
  journal={Foundations and Trends{\textregistered} in Theoretical Computer Science},
  volume={11},
  number={1-2},
  pages={1--215},
  year={2016},
  publisher={Now Publishers Inc. Hanover, MA, USA}
}

@article{chao2017overlapping,
  title={Overlapping qubits},
  author={Chao, Rui and Reichardt, Ben W and Sutherland, Chris and Vidick, Thomas},
  journal={arXiv preprint arXiv:1701.01062},
  year={2017}
}

@article{chao2020quantum,
  title={Quantum dimension test using the uncertainty principle},
  author={Chao, Rui and Reichardt, Ben W},
  journal={arXiv preprint arXiv:2002.12432},
  year={2020}
}

@article{chao2018test,
  title={Test for a large amount of entanglement, using few measurements},
  author={Chao, Rui and Reichardt, Ben W and Sutherland, Chris and Vidick, Thomas},
  journal={Quantum},
  volume={2},
  pages={92},
  year={2018},
  publisher={Verein zur F{\"o}rderung des Open Access Publizierens in den Quantenwissenschaften}
}

@article{cleve2017perfect,
  title={Perfect commuting-operator strategies for linear system games},
  author={Cleve, Richard and Liu, Li and Slofstra, William},
  journal={Journal of Mathematical Physics},
  volume={58},
  number={1},
  pages={012202},
  year={2017},
  publisher={AIP Publishing LLC}
}

@inproceedings{cleve2014characterization,
  title={Characterization of binary constraint system games},
  author={Cleve, Richard and Mittal, Rajat},
  booktitle={International Colloquium on Automata, Languages, and Programming},
  pages={320--331},
  year={2014},
  organization={Springer}
}

@article{coladangelo2017robust,
  title={Robust self-testing for linear constraint system games},
  author={Coladangelo, Andrea and Stark, Jalex},
  journal={arXiv preprint arXiv:1709.09267},
  year={2017}
}

@article{wu2016device,
  title={Device-independent parallel self-testing of two singlets},
  author={Wu, Xingyao and Bancal, Jean-Daniel and McKague, Matthew and Scarani, Valerio},
  journal={Physical Review A},
  volume={93},
  number={6},
  pages={062121},
  year={2016},
  publisher={APS}
}

@inproceedings{goldreich2001interactive,
  title={On interactive proofs with a laconic prover},
  author={Goldreich, Oded and Vadhan, Salil and Wigderson, Avi},
  booktitle={International Colloquium on Automata, Languages, and Programming},
  pages={334--345},
  year={2001},
  organization={Springer}
}

@article{mermin1990simple,
  title={Simple unified form for the major no-hidden-variables theorems},
  author={Mermin, N David},
  journal={Physical review letters},
  volume={65},
  number={27},
  pages={3373},
  year={1990},
  publisher={APS}
}

@article{mermin1993hidden,
  title={Hidden variables and the two theorems of John Bell},
  author={Mermin, N David},
  journal={Reviews of Modern Physics},
  volume={65},
  number={3},
  pages={803},
  year={1993},
  publisher={APS}
}

@article{summers1987maximal,
  title={Maximal violation of Bell's inequalities is generic in quantum field theory},
  author={Summers, Stephen J and Werner, Reinhard},
  journal={Communications in Mathematical Physics},
  volume={110},
  number={2},
  pages={247--259},
  year={1987},
  publisher={Springer}
}

@article{mckague2012robust,
  title={Robust self-testing of the singlet},
  author={McKague, Matthew and Yang, Tzyh Haur and Scarani, Valerio},
  journal={Journal of Physics A: Mathematical and Theoretical},
  volume={45},
  number={45},
  pages={455304},
  year={2012},
  publisher={IOP Publishing}
}

@article{bell1964einstein,
  title={On the einstein podolsky rosen paradox},
  author={Bell, John S},
  journal={Physics Physique Fizika},
  volume={1},
  number={3},
  pages={195},
  year={1964},
  publisher={APS}
}

@inproceedings{goldwasser1985paradoxical,
  title={A “Paradoxical” Solution to The Signature Problem},
  author={Goldwasser, Shafi and Micali, Silvio and Rivest, Ronald},
  booktitle={Advances in Cryptology},
  pages={467--467},
  year={1985},
  organization={Springer}
}

@inproceedings{brakerski2018cryptographic,
  title={A cryptographic test of quantumness and certifiable randomness from a single quantum device},
  author={Brakerski, Zvika and Christiano, Paul and Mahadev, Urmila and Vazirani, Umesh and Vidick, Thomas},
  booktitle={2018 IEEE 59th Annual Symposium on Foundations of Computer Science (FOCS)},
  pages={320--331},
  year={2018},
  organization={IEEE}
}

@inproceedings{cojocaru2019qfactory,
  title={QFactory: classically-instructed remote secret qubits preparation},
  author={Cojocaru, Alexandru and Colisson, L{\'e}o and Kashefi, Elham and Wallden, Petros},
  booktitle={International Conference on the Theory and Application of Cryptology and Information Security},
  pages={615--645},
  year={2019},
  organization={Springer}
}

@inproceedings{raz2019oracle,
  title={Oracle separation of {BQP} and {PH}},
  author={Raz, Ran and Tal, Avishay},
  booktitle={Proceedings of the 51st Annual ACM SIGACT Symposium on Theory of Computing},
  pages={13--23},
  year={2019}
}

@article{morimae2016post,
  title={Post hoc verification with a single prover},
  author={Morimae, Tomoyuki and Fitzsimons, Joseph F},
  journal={arXiv preprint arXiv:1603.06046},
  year={2016}
}

@article{vidick2020verifying,
  title={Verifying quantum computations at scale: A cryptographic leash on quantum devices},
  author={Vidick, Thomas},
  journal={Bulletin of the American Mathematical Society},
  volume={57},
  number={1},
  pages={39--76},
  year={2020}
}

@article{aharonov2017quantum,
  title={A Quantum inspired proof of $\text{P}^{\backslash\#\text{P}}\subseteq\text{IP}$},
  author={Aharonov, Dorit and Green, Ayal},
  journal={arXiv preprint arXiv:1710.09078},
  year={2017}
}

@article{aaronson2017implausibility,
  title={On the implausibility of classical client blind quantum computing},
  author={Aaronson, Scott and Cojocaru, Alexandru and Gheorghiu, Alexandru and Kashefi, Elham},
  journal={arXiv preprint arXiv:1704.08482},
  year={2017}
}

@article{gheorghiu2019verification,
  title={Verification of quantum computation: An overview of existing approaches},
  author={Gheorghiu, Alexandru and Kapourniotis, Theodoros and Kashefi, Elham},
  journal={Theory of computing systems},
  volume={63},
  number={4},
  pages={715--808},
  year={2019},
  publisher={Springer}
}

@article{cubitt2016complexity,
  title={Complexity classification of local Hamiltonian problems},
  author={Cubitt, Toby and Montanaro, Ashley},
  journal={SIAM Journal on Computing},
  volume={45},
  number={2},
  pages={268--316},
  year={2016},
  publisher={SIAM}
}

@article{fitzsimons2018post,
  title={Post hoc verification of quantum computation},
  author={Fitzsimons, Joseph F and Hajdu{\v{s}}ek, Michal and Morimae, Tomoyuki},
  journal={Physical review letters},
  volume={120},
  number={4},
  pages={040501},
  year={2018},
  publisher={APS}
}

@inproceedings{aaronson2010bqp,
  title={BQP and the polynomial hierarchy},
  author={Aaronson, Scott},
  booktitle={Proceedings of the forty-second ACM symposium on Theory of computing},
  pages={141--150},
  year={2010},
  organization={ACM}
}

@book{aharonov2013quantum,
  title={Is quantum mechanics falsifiable? A computational perspective on the foundations of quantum mechanics},
  author={Aharonov, Dorit and Vazirani, Umesh},
  year={2013},
  publisher={Computability: Turing, G{\"o}del, Church, and Beyond. MIT Press}
}

@book{arora2009computational,
  title={Computational complexity: a modern approach},
  author={Arora, Sanjeev and Barak, Boaz},
  year={2009},
  publisher={Cambridge University Press}
}

@inproceedings{dunjko2014composable,
  title={Composable security of delegated quantum computation},
  author={Dunjko, Vedran and Fitzsimons, Joseph F and Portmann, Christopher and Renner, Renato},
  booktitle={International Conference on the Theory and Application of Cryptology and Information Security},
  pages={406--425},
  year={2014},
  organization={Springer}
}

@article{kashefi2017quantum,
  title={The Quantum Cut-and-Choose Technique and Quantum Two-Party Computation},
  author={Kashefi, Elham and Music, Luka and Wallden, Petros},
  journal={arXiv preprint arXiv:1703.03754},
  year={2017}
}


@inproceedings{reingold2016constant,
  title={Constant-round interactive proofs for delegating computation},
  author={Reingold, Omer and Rothblum, Guy N and Rothblum, Ron D},
  booktitle={Proceedings of the forty-eighth annual ACM symposium on Theory of Computing},
  pages={49--62},
  year={2016},
  organization={ACM}
}

@inproceedings{kalai2014delegate,
  title={How to delegate computations: the power of no-signaling proofs},
  author={Kalai, Yael Tauman and Raz, Ran and Rothblum, Ron D},
  booktitle={Proceedings of the forty-sixth annual ACM symposium on Theory of computing},
  pages={485--494},
  year={2014},
  organization={ACM}
}

@inproceedings{goldwasser2008delegating,
  title={Delegating computation: interactive proofs for muggles},
  author={Goldwasser, Shafi and Kalai, Yael Tauman and Rothblum, Guy N},
  booktitle={Proceedings of the fortieth annual ACM symposium on Theory of computing},
  pages={113--122},
  year={2008},
  organization={ACM}
}

@inproceedings{gentry2009fully,
  title={Fully homomorphic encryption using ideal lattices.},
  author={Gentry, Craig},
  booktitle={STOC},
  volume={9},
  number={2009},
  pages={169--178},
  year={2009}
}

@article{regev2009lattices,
  title={On lattices, learning with errors, random linear codes, and cryptography},
  author={Regev, Oded},
  journal={Journal of the ACM (JACM)},
  volume={56},
  number={6},
  pages={34},
  year={2009},
  publisher={ACM}
}


@article{brakerski2014efficient,
  title={Efficient fully homomorphic encryption from (standard) LWE},
  author={Brakerski, Zvika and Vaikuntanathan, Vinod},
  journal={SIAM Journal on Computing},
  volume={43},
  number={2},
  pages={831--871},
  year={2014},
  publisher={SIAM}
}

@inproceedings{goyal2017lockable,
  title={Lockable obfuscation},
  author={Goyal, Rishab and Koppula, Venkata and Waters, Brent},
  booktitle={Foundations of Computer Science (FOCS), 2017 IEEE 58th Annual Symposium on},
  pages={612--621},
  year={2017},
  organization={IEEE}
}

@article{gorbunov2015attribute,
  title={Attribute-based encryption for circuits},
  author={Gorbunov, Sergey and Vaikuntanathan, Vinod and Wee, Hoeteck},
  journal={Journal of the ACM (JACM)},
  volume={62},
  number={6},
  pages={45},
  year={2015},
  publisher={ACM}
}

@inproceedings{wichs2017obfuscating,
  title={Obfuscating compute-and-compare programs under {LWE}},
  author={Wichs, Daniel and Zirdelis, Giorgos},
  booktitle={2017 IEEE 58th Annual Symposium on Foundations of Computer Science (FOCS)},
  pages={600--611},
  year={2017},
  organization={IEEE}
}

@inproceedings{goyal2018collusion,
  title={Collusion resistant traitor tracing from learning with errors},
  author={Goyal, Rishab and Koppula, Venkata and Waters, Brent},
  booktitle={Proceedings of the 50th Annual ACM SIGACT Symposium on Theory of Computing},
  pages={660--670},
  year={2018},
  organization={ACM}
}

@article{peikert2016decade,
  title={A decade of lattice cryptography},
  author={Peikert, Chris and others},
  journal={Foundations and Trends{\textregistered} in Theoretical Computer Science},
  volume={10},
  number={4},
  pages={283--424},
  year={2016},
  publisher={Now Publishers, Inc.}
}

@inproceedings{micciancio2012trapdoors,
  title={Trapdoors for lattices: Simpler, tighter, faster, smaller},
  author={Micciancio, Daniele and Peikert, Chris},
  booktitle={Annual International Conference on the Theory and Applications of Cryptographic Techniques},
  pages={700--718},
  year={2012},
  organization={Springer}
}

@inproceedings{unruh2016computationally,
  title={Computationally binding quantum commitments},
  author={Unruh, Dominique},
  booktitle={Annual International Conference on the Theory and Applications of Cryptographic Techniques},
  pages={497--527},
  year={2016},
  organization={Springer}
}

@inproceedings{akavia2009simultaneous,
  title={Simultaneous hardcore bits and cryptography against memory attacks},
  author={Akavia, Adi and Goldwasser, Shafi and Vaikuntanathan, Vinod},
  booktitle={Theory of Cryptography Conference},
  pages={474--495},
  year={2009},
  organization={Springer}
}

@inproceedings{gheorghiu2019computationally,
  title={Computationally-secure and composable remote state preparation},
  author={Gheorghiu, Alexandru and Vidick, Thomas},
  booktitle={2019 IEEE 60th Annual Symposium on Foundations of Computer Science (FOCS)},
  pages={1024--1033},
  year={2019},
  organization={IEEE}
}

@article{vidick2020classical,
  title={Classical proofs of quantum knowledge},
  author={Vidick, Thomas and Zhang, Tina},
  journal={arXiv preprint arXiv:2005.01691},
  year={2020}
}